<record><leader>00000cas a22000007a 4500</leader><controlfield tag="001">13489242</controlfield><controlfield tag="008">860424d19141915paudn ne      0    0eng d</controlfield><datafield ind1=" " ind2=" " tag="010"><subfield code="a">sn 87080079 </subfield></datafield><datafield ind1=" " ind2=" " tag="040"><subfield code="a">NPH</subfield><subfield code="b">eng</subfield><subfield code="c">NPH</subfield><subfield code="d">OCLCQ</subfield></datafield><datafield ind1=" " ind2=" " tag="042"><subfield code="a">msc</subfield></datafield><datafield ind1="0" ind2="0" tag="245"><subfield code="a">Hanover independent.</subfield></datafield><datafield ind1=" " ind2=" " tag="260"><subfield code="a">Hanover, Pa. :</subfield><subfield code="b">Poultry Fancier Pub. Co.,</subfield><subfield code="c">1914-1915.</subfield></datafield><datafield ind1=" " ind2=" " tag="300"><subfield code="a">v. :</subfield><subfield code="b">ill.</subfield></datafield><datafield ind1=" " ind2=" " tag="310"><subfield code="a">Daily (except Sun.)</subfield></datafield><datafield ind1="0" ind2=" " tag="362"><subfield code="a">Vol. 1, no. 1 (Mar. 16, 1914)-v. 3, no. 101 (Apr. 28, 1915).</subfield></datafield><datafield ind1=" " ind2=" " tag="500"><subfield code="a">Published by: H.D. Sheppard and C.N. Myers, Apr. 10-28, 1915.</subfield></datafield><datafield ind1=" " ind2=" " tag="752"><subfield code="a">United States</subfield><subfield code="b">Pennsylvania</subfield><subfield code="c">York</subfield><subfield code="d">Hanover.</subfield></datafield><datafield ind1="0" ind2="0" tag="785"><subfield code="t">Evening sun (Hanover, Pa.)</subfield><subfield code="w">(DLC)sn 86071411</subfield></datafield></record>